@software{riskofrain,
  author={{Hopoo Games}},
  title={{Risk of Rain}},
  type={Video Game},
  year={2013}
}

@software{riskofrain2,
  author={{Hopoo Games}},
  title={{Risk of Rain 2}},
  type={Video Game},
  year={2019}
}

@online{riskofrain2steamreviews,
  title={Reviews of the game {Risk of Rain 2}},
  author={{Steam community}},
  url={https://store.steampowered.com/app/632360/Risk_of_Rain_2/},
  urldate={2020-04-11},
  year={2019}
}

@software{afterburner,
  author={{Sega AM2}},
  title={{After Burner}},
  type={Video Game},
  year={1987}
}

@article{hollasch1991four,
  title={Four-space visualization of 4D objects},
  author={Hollasch, Steven R},
  journal={MS Dissertation, Arizona State University},
  year={1991}
}

@book{woo1999opengl,
  title={OpenGL programming guide: the official guide to learning OpenGL, version 1.2},
  author={Woo, Mason and Neider, Jackie and Davis, Tom and Shreiner, Dave},
  year={1999},
  publisher={Addison-Wesley Longman Publishing Co., Inc.}
}
